@online{wiki:TrailRunning,
    author      =   {Wikipedia contributors},
    title       =   {Trail running --- {Wikipedia}{,} The Free Encyclopedia},
    url         =   {https://en.wikipedia.org/w/index.php?title=Trail_running&oldid=889264183},
    year        =   {2019},
    addendum    =   {[Online; accessed 2-April-2019]}
}

@incollection{ricci2011introduction,
  title={Introduction to recommender systems handbook},
  author={Ricci, Francesco and Rokach, Lior and Shapira, Bracha},
  booktitle={Recommender systems handbook},
  pages={1--35},
  year={2011},
  publisher={Springer}
}

@online{rishabh2019recommender,
    title = {Recommender System},
    author = {Rishabh Mall},
    url = {https://towardsdatascience.com/recommender-system-a1e4595fc0f0},
    year = {2019},
    addendum = {[Online; accessed 23-April-2019]}
}

@online {codeacademy2019crud,
    title = {What is crud?},
    author = {Codeacademu},
    url = {https://www.codecademy.com/articles/what-is-crud},
    year = {2019},
    addendum = {[Online; accessed 27-April-2019]}
}

@techreport{jones2015json,
  title={Json web token (jwt)},
  author={Jones, Michael and Bradley, John and Sakimura, Nat},
  year={2015}
}

@online{auth02019json,
    title={What is JSON Web Token?},
    author = {Auth0},
    url = {https://jwt.io/introduction/},
    year = {2019},
    addendum = {[Online; accessed 27-April-2019]}
}

@techreport{krawczyk1997hmac,
  title={HMAC: Keyed-hashing for message authentication},
  author={Krawczyk, Hugo and Bellare, Mihir and Canetti, Ran},
  year={1997}
}

@techreport{kelly2007using,
  title={Using hmac-sha-256, hmac-sha-384, and hmac-sha-512 with ipsec},
  author={Kelly, S and Frankel, S},
  year={2007}
}

@inproceedings{wan2000functional,
  title={Functional reactive programming from first principles},
  author={Wan, Zhanyong and Hudak, Paul},
  booktitle={Acm sigplan notices},
  volume={35},
  number={5},
  pages={242--252},
  year={2000},
  organization={ACM}
}

@online{jonas2016graphql,
    title = {GraphQL explained},
    author = {Jonas Helfer},
    year = {2016},
    url = {https://blog.apollographql.com/graphql-explained-5844742f195e},
    addendum = {[Online; accessed 27-April-2019]}
}


@article{sanders1987pareto,
    title={The Pareto principle: its use and abuse},
    author={Sanders, Robert},
    journal={Journal of Services Marketing},
    volume={1},
    number={2},
    pages={37--40},
    year={1987},
    publisher={MCB UP Ltd}
}

@book{anderson2006long,
  title={The long tail: Why the future of business is selling less of more},
  author={Anderson, Chris},
  year={2006},
  publisher={Hachette Books}
}

@incollection{pazzani2007content,
  title={Content-based recommendation systems},
  author={Pazzani, Michael J and Billsus, Daniel},
  booktitle={The adaptive web},
  pages={325--341},
  year={2007},
  publisher={Springer}
}

@book{roberts2001content,
  title={Content Analysis},
  author={C.W. Roberts},
  year={2001},
  publisher={Elsevier BV},
  doi = {10.1016/b0-08-043076-7/00707-5},
  pages = {2697--2702}
}

@article{burke2002hybrid,
  title={Hybrid recommender systems: Survey and experiments},
  author={Burke, Robin},
  journal={User modeling and user-adapted interaction},
  volume={12},
  number={4},
  pages={331--370},
  year={2002},
  publisher={Springer}
}

@article{herlocker2004evaluating,
  title={Evaluating collaborative filtering recommender systems},
  author={Herlocker, Jonathan L and Konstan, Joseph A and Terveen, Loren G and Riedl, John T},
  journal={ACM Transactions on Information Systems (TOIS)},
  volume={22},
  number={1},
  pages={5--53},
  year={2004},
  publisher={ACM}
}

@online{guy2015rest,
    title={The Rise of REST API},
    author = {Guy Levin},
    url = {https://blog.restcase.com/the-rise-of-rest-api/},
    year = {2015},
    addendum = {[Online; accessed 25-April-2019]}
}

@online {reactivex2018main,
    title = {Reactive Extensions (ReactiveX)},
    author = {ReactiveX},
    url = {http://reactivex.io/},
    year = {2019},
    addendum = {[Online; accessed 25-April-2019]}
}

@online {leanrrxjs2019debounce,
    title = {debounceTime},
    author = {learn-rxjs},
    url = {https://www.learnrxjs.io/operators/filtering/debouncetime.html},
    year = {2019},
    addendum = {[Online; accessed 25-April-2019]}

}

@online {leanrrxjs2019distinct,
    title = {distinctUntilChanged},
    author = {learn-rxjs},
    url = {https://www.learnrxjs.io/operators/filtering/distinctuntilchanged.html},
    year = {2019},
    addendum = {[Online; accessed 25-April-2019]}
}

@inbook{bennett2007netflix, 
    author = {Bennett, James and Lanning, Stan and others},
    year = {2007},
    pages={35},
    title = {The Netflix Prize},
    booktitle={Proceedings of KDD cup and workshop},
    volume={2007},
    organization={New York, NY, USA.}
}

@article{koren2009bellkor,
    title={The bellkor solution to the netflix grand prize},
    author={Koren, Yehuda},
    journal={Netflix prize documentation},
    volume={81},
    number={2009},
    pages={1--10},
    year={2009}
}

@article{michie1994machine,
  title={Machine learning},
  author={Michie, Donald and Spiegelhalter, David J and Taylor, CC and others},
  journal={Neural and Statistical Classification},
  volume={13},
  year={1994},
  publisher={Technometrics}
}

@book{chatterjee2015regression,
  title={Regression analysis by example},
  author={Chatterjee, Samprit and Hadi, Ali S},
  year={2015},
  publisher={John Wiley \& Sons}
}

@book{wright1982rating,
  title={Rating scale analysis},
  author={Wright, Benjamin D and Masters, Geofferey N},
  year={1982},
  publisher={MESA press}
}



@article{polatidis2013recommender,
    title={Recommender systems: The Importance of personalization in E-business environments},
    author={Polatidis, Nikolaos and Georgiadis, Christos K},
    journal={International Journal of E-Entrepreneurship and Innovation (IJEEI)},
    volume={4},
    number={4},
    pages={32--46},
    year={2013},
    publisher={IGI Global},
    doi = {10.4018/ijeei.2013100103}
}

@online{josefina2018netflix,
    title = {Netflix: Binging on the Algorithm},
    author = {Josefina Blattmann},
    year = {2018},
    url = {https://uxplanet.org/netflix-binging-on-the-algorithm-a3a74a6c1f59},
    addendum = {[Online; accessed 24-April-2019]}
}

@online{graphQl,
    author      =   {Facebook},
    title       =   {GraphQL: A query language for APIs},
    url         =   {https://graphql.org/},
    year        =   {2019},
    addendum    =   {[Online; accessed 10-April-2019]}
}

@online{wiki:ClientServerModel,
    author = {Wikipedia contributors},
    title = {Client–server model --- {Wikipedia}{,} The Free Encyclopedia},
    year = {2019},
    url = {https://en.wikipedia.org/w/index.php?title=Client%E2%80%93server_model&oldid=892759696},
    note = {[Online; accessed 17-April-2019]}
}

@online {medium:WhyModernJSFrameworkExist,
    author = {Alberto Gimeno},
    title = {The deepest reason why modern JavaScript frameworks exist},
    url = {https://medium.com/dailyjs/the-deepest-reason-why-modern-javascript-frameworks-exist-933b86ebc445},
    year = {2018},
    note = {[Online; accessed 17-April-2019]}
}

@inproceedings{bierman2014understanding,
    title     =   {Understanding typescript},
    author    =   {Bierman, Gavin and Abadi, Mart{\'i}n and Torgersen, Mads},
    booktitle =   {European Conference on Object-Oriented Programming},
    pages     =   {257--281},
    year      =   {2014},
    organization  =   {Springer}
}

@article{hughes1989functional,
    title={Why functional programming matters},
    author={Hughes, John},
    journal={The computer journal},
    volume={32},
    number={2},
    pages={98--107},
    year={1989},
    publisher={Oxford University Press}
}

@inproceedings{hartig2017initial,
    title={An initial analysis of Facebook’s GraphQL language},
    author={Hartig, Olaf and P{\'e}rez, Jorge},
    booktitle={AMW 2017 11th Alberto Mendelzon International Workshop on Foundations of Data Management and the Web, Montevideo, Uruguay, June 7-9, 2017.},
    volume={1912},
    year={2017},
    organization={Juan Reutter, Divesh Srivastava}
}

@online {howToGraphQl,
    author = {Prisma},
    title = {GraphQl is better than REST},
    year = {2019},
    url = {https://www.howtographql.com/basics/1-graphql-is-the-better-rest/},
    note = {[Online; accessed 17-April-2019]}
}



@article{brynjolfsson2011goodbye,
    title={Goodbye pareto principle, hello long tail: The effect of search costs on the concentration of product sales},
    author={Brynjolfsson, Erik and Hu, Yu and Simester, Duncan},
    journal={Management Science},
    volume={57},
    number={8},
    pages={1373--1386},
    year={2011},
    publisher={INFORMS}
}

@online{wiki:LongTail,
    author = {Wikipedia contributors},
    title = {Long tail --- {Wikipedia}{,} The Free Encyclopedia},
    year = {2019},
    url = {https://en.wikipedia.org/w/index.php?title=Long_tail&oldid=882498518},
    note = {[Online; accessed 17-April-2019]}
}
 
@online{wiki:ColdStart,
    author = {Wikipedia contributors},
    title = {Cold start (computing) --- {Wikipedia}{,} The Free Encyclopedia},
    year = {2019},
    url = {https://en.wikipedia.org/w/index.php?title=Cold_start_(computing)&oldid=891682908},
    note = {[Online; accessed 17-April-2019]}
}

@inproceedings{wang2006unifying,
    title={Unifying user-based and item-based collaborative filtering approaches by similarity fusion},
    author={Wang, Jun and De Vries, Arjen P and Reinders, Marcel JT},
    booktitle={Proceedings of the 29th annual international ACM SIGIR conference on Research and development in information retrieval},
    pages={501--508},
    year={2006},
    organization={ACM}
}

@article{bell2007lessons,
    title={Lessons from the Netflix prize challenge.},
    author={Bell, Robert M and Koren, Yehuda},
    journal={SiGKDD Explorations},
    volume={9},
    number={2},
    pages={75--79},
    year={2007},
    publisher={Citeseer}
}

@article{koren2009matrix,
    title={Matrix factorization techniques for recommender systems},
    author={Koren, Yehuda and Bell, Robert and Volinsky, Chris},
    journal={Computer},
    number={8},
    pages={30--37},
    year={2009},
    publisher={IEEE}
}

@article{ruder2016overview,
    title={An overview of gradient descent optimization algorithms},
    author={Ruder, Sebastian},
    journal={arXiv preprint arXiv:1609.04747},
    year={2016}
}

@article{kingma2014adam,
    title={Adam: A method for stochastic optimization},
    author={Kingma, Diederik P and Ba, Jimmy},
    journal={arXiv preprint arXiv:1412.6980},
    year={2014}
}

@book{van2018artificial,
    title={Artificial neural networks as models of neural information processing},
    author={van Gerven, Marcel and Bohte, Sander},
    year={2018},
    publisher={Frontiers Media SA}
}

@online{wiki:DependencyInjection,
    author = {Wikipedia contributors},
    title = {Dependency injection --- {Wikipedia}{,} The Free Encyclopedia},
    year = {2019},
    url = {https://en.wikipedia.org/w/index.php?title=Dependency_injection&oldid=891654303},
    note = {[Online; accessed 18-April-2019]}
 }
 
@online{wiki:Redux,
    author = {Wikipedia contributors},
    title = {Redux (JavaScript library) --- {Wikipedia}{,} The Free Encyclopedia},
    year = {2019},
    howpublished = {https://en.wikipedia.org/w/index.php?title=Redux_(JavaScript_library)&oldid=891046008},
    note = {[Online; accessed 18-April-2019]}
}

@incollection{cheng2018state,
  title={State Management with NgRx},
  author={Cheng, Fu},
  booktitle={Build Mobile Apps with Ionic 4 and Firebase},
  pages={205--241},
  year={2018},
  publisher={Springer}
}

@online{wiki:A*Algorithm,
    author = {Wikipedia contributors},
    title = {A* search algorithm --- {Wikipedia}{,} The Free Encyclopedia},
    year = {2019},
    url = {https://en.wikipedia.org/w/index.php?title=A*_search_algorithm&oldid=888983628},
    note = {[Online; accessed 18-April-2019]}
}

@inproceedings{li2017convergence,
  title={Convergence analysis of two-layer neural networks with relu activation},
  author={Li, Yuanzhi and Yuan, Yang},
  booktitle={Advances in Neural Information Processing Systems},
  pages={597--607},
  year={2017}
}

@misc{wiki:SigmoidFunction,
    author = {Wikipedia contributors},
    title = {Sigmoid function --- {Wikipedia}{,} The Free Encyclopedia},
    year = {2019},
    url = {https://en.wikipedia.org/w/index.php?title=Sigmoid_function&oldid=884497893},
    note = {[Online; accessed 19-April-2019]}
}

@book{simon2007probability,
  title={Probability distributions involving Gaussian random variables: A handbook for engineers and scientists},
  author={Simon, Marvin K},
  year={2007},
  publisher={Springer Science \& Business Media}
}

@article{isinkaye2015recommendation,
  title={Recommendation systems: Principles, methods and evaluation},
  author={Isinkaye, FO and Folajimi, YO and Ojokoh, BA},
  journal={Egyptian Informatics Journal},
  volume={16},
  number={3},
  pages={261--273},
  year={2015},
  publisher={Elsevier}
}

@online{wiki:OrdinanceSurvey,
    author = "{Wikipedia contributors}",
    title = "Ordnance Survey --- {Wikipedia}{,} The Free Encyclopedia",
    year = "2019",
    howpublished = "\url{https://en.wikipedia.org/w/index.php?title=Ordnance_Survey&oldid=892473085}",
    note = "[Online; accessed 23-April-2019]"
 }
 
 @article{claypool1999combing,
  title={Combing content-based and collaborative filters in an online newspaper},
  author={Claypool, Mark and Gokhale, Anuja and Miranda, Tim and Murnikov, Paul and Netes, Dmitry and Sartin, Matthew},
  year={1999}
}

@inproceedings{jawaheer2010comparison,
  title={Comparison of implicit and explicit feedback from an online music recommendation service},
  author={Jawaheer, Gawesh and Szomszor, Martin and Kostkova, Patty},
  booktitle={proceedings of the 1st international workshop on information heterogeneity and fusion in recommender systems},
  pages={47--51},
  year={2010},
  organization={ACM}
}

@incollection{benesty2009pearson,
  title={Pearson correlation coefficient},
  author={Benesty, Jacob and Chen, Jingdong and Huang, Yiteng and Cohen, Israel},
  booktitle={Noise reduction in speech processing},
  pages={1--4},
  year={2009},
  publisher={Springer}
}

@inproceedings{mihalcea2006corpus,
  title={Corpus-based and knowledge-based measures of text semantic similarity},
  author={Mihalcea, Rada and Corley, Courtney and Strapparava, Carlo and others},
  booktitle={AAAI},
  volume={6},
  pages={775--780},
  year={2006}
}

@article{wald1950statistical,
  title={Statistical decision functions.},
  author={Wald, Abraham},
  year={1950},
  publisher={Wiley}
}

@article{bengio1994learning,
  title={Learning long-term dependencies with gradient descent is difficult},
  author={Bengio, Yoshua and Simard, Patrice and Frasconi, Paolo and others},
  journal={IEEE transactions on neural networks},
  volume={5},
  number={2},
  pages={157--166},
  year={1994}
}

@incollection{bottou2010large,
  title={Large-scale machine learning with stochastic gradient descent},
  author={Bottou, L{\'e}on},
  booktitle={Proceedings of COMPSTAT'2010},
  pages={177--186},
  year={2010},
  publisher={Springer}
}

@article{kingma2014adam,
  title={Adam: A method for stochastic optimization},
  author={Kingma, Diederik P and Ba, Jimmy},
  journal={arXiv preprint arXiv:1412.6980},
  year={2014}
}

@article{schmidhuber2015deep,
  title={Deep learning in neural networks: An overview},
  author={Schmidhuber, J{\"u}rgen},
  journal={Neural networks},
  volume={61},
  pages={85--117},
  year={2015},
  publisher={Elsevier}
}

@online {strava,
    title = {Strava},
    author = {Strava},
    url = {https://www.strava.com/},
    year = {2018},
    addendum = {[Online; accessed 28-April-2019]}
}

@online {alltrails,
    title = {All Trails},
    author = {All Trails},
    url = {https://www.alltrails.com/},
    year = {2019},
    addendum = {[Online; accessed 28-April-2019]}
}

@online {osmaps,
    title = {OS Maps},
    author = {Ordinance Survey},
    url = {https://osmaps.ordnancesurvey.co.uk/},
    year = {2018},
    addendum = {[Online; accessed 28-April-2019]}
}

@online {statista,
    title = {Net sales revenue of Amazon from 2004 to 2018 (in billion U.S. dollars)},
    author = {Statista},
    url = {https://osmaps.ordnancesurvey.co.uk/},
    year = {2018},
    addendum = {[Online; accessed 28-April-2019]},
    organization = {Amazon. n.d.}
}

@misc {graphqlvsRest,
    author = {How to GraphQL},
    title = {GraphQL vs REST - A comparison},
    year = {2019},
    addendum = {[Online; accessed 28-April-2019]},
    url = {https://images.app.goo.gl/jSzfygDioCBTwhhM6}
}

@misc {graphqlSolution,
    author = {How to GraphQL},
    title = {GraphQL vs REST - A comparison},
    year = {2019},
    addendum = {[Online; accessed 28-April-2019]},
    url = {https://images.app.goo.gl/QuMxMW9obdG1AMxZ9}
}

@misc {graphqlStructure,
    author = {Kuldar Kalvik for Prisma},
    title = {New Prisma Website: Animated Diagram},
    year = {2018},
    addendum = {[Online; accessed 28-April-2019]},
    url = {https://images.app.goo.gl/nN6reoxjMEZ9vBmH7},
    howpublished = {Dribble}
}

@misc {prismageneratesql,
    author = {Prisma},
    title = {Datamodel (MySQL)},
    subtitle = {Datamodel \& Migrations},
    year = {2019},
    addendum = {[Online; accessed 28-April-2019]},
    url = {https://i.imgur.com/NFLy3AO.png},
}

@online {fusionCharts,
    title = {Fushion Charts},
    author = {InfoSoft Global Private Limited},
    url = {https://www.fusioncharts.com//},
    year = {2002},
    addendum = {[Online; accessed 28-April-2019]},
}

@online {prisma,
    title = {Prisma - Database tools for modern application development},
    author = {Prisma},
    url = {https://www.prisma.io/},
    year = {2019},
    addendum = {[Online; accessed 28-April-2019]},
}

@online {angular,
    title = {Angular},
    author = {Google},
    url = {https://angular.io/},
    year = {2010},
    addendum = {[Online; accessed 28-April-2019]},
}

@online {react,
    title = {React},
    author = {Facebook},
    url = {https://reactjs.org/},
    year = {2019},
    addendum = {[Online; accessed 28-April-2019]},
}

@online {vuejs,
    title = {Vue.js},
    author = {Evan You},
    url = {https://vuejs.org/},
    year = {2014},
    addendum = {[Online; accessed 28-April-2019]},
}

@misc {reactiveMarbles,
    author = {James Shvarts},
    title = {Understanding Marble Diagrams for Reactive Streams},
    year = {2017},
    addendum = {[Online; accessed 28-April-2019]},
    url = {https://cdn-images-1.medium.com/max/1600/1*RmFRzxZ6hhar2w5HgWGMOg.png},
}

@misc {contentFiltering,
    author = {Anchit Jain},
    title = {Movie Recommendation System -- Content Filtering},
    year = {2019},
    addendum = {[Online; accessed 28-April-2019]},
    url = {https://cdn-images-1.medium.com/max/1600/1*1b-yMSGZ1HfxvHiJCiPV7Q.png},
}

@misc {collabFiltering,
    author = {Data Meets Media},
    title = {An Overview of Recommendation Systems},
    year = {2019},
    addendum = {[Online; accessed 28-April-2019]},
    url = {http://datameetsmedia.com/wp-content/uploads/2018/05/2ebah6c-1.png},
}

@misc {longtaileffect,
    author = {Hananeh Arzavi, Lilly Moseley and Nikki},
    title = {Netflix Case Study: The Long Tail},
    year = {2019},
    addendum = {[Online; accessed 28-April-2019], (Schmitz 2012)},
    url = {http://4.bp.blogspot.com/-MmZngF_e_Tk/VgtWeqPohXI/AAAAAAAAAQA/21faAe0Gel4/w1200-h630-p-k-no-nu/Screen%2BShot%2B2015-09-30%2Bat%2B10.31.51%2Bam.png},
}

@misc {hybridrecommender,
    author = {Maruti Techlabs Pvt. Ltd},
    title = {HOW DO RECOMMENDATION ENGINES WORK? AND WHAT ARE THE BENEFITS?},
    year = {2019},
    addendum = {[Online; accessed 28-April-2019]},
    url = {https://cdn.marutitech.com/wp-content/uploads/2017/05/Hybrid-Recommendation-min.jpg},
}

@misc {collabFilteringTypes,
    author = {Carlos Pinela},
    title = {Recommender Systems—User-Based and Item-Based Collaborative Filtering},
    year = {2017},
    addendum = {[Online; accessed 28-April-2019]},
    url = {https://cdn-images-1.medium.com/max/1600/1*QvhetbRjCr1vryTch_2HZQ.jpeg},
    howpublished = {Medium}
}

@misc {gradientDescent,
    author = {Saugat Bhattarai},
    title = {WHAT IS GRADIENT DESCENT IN MACHINE LEARNING?},
    year = {2018},
    addendum = {[Online; accessed 28-April-2019]},
    url = {https://saugatbhattarai.com.np/what-is-gradient-descent-in-machine-learning/},
}

@misc {neuralNet,
    author = {Vikas Gupta},
    title = {Understanding Feedforward Neural Networks},
    year = {2017},
    addendum = {[Online; accessed 28-April-2019]},
    url = {https://www.learnopencv.com/wp-content/uploads/2017/10/mlp-diagram.jpg},
}

@misc {overfitting,
    author = {Julien Despois},
    title = {Memorizing is not learning!— 6 tricks to prevent overfitting in machine learning},
    year = {2018},
    addendum = {[Online; accessed 28-April-2019]},
    url = {https://cdn-images-1.medium.com/max/1600/1*SBUK2QEfCP-zvJmKm14wGQ.png},
    howpublished = {Hackernoon}
}

@misc {dropout,
    author = {Amar Budhiraja},
    title = {Dropout in (Deep) Machine learning},
    year = {2016},
    addendum = {[Online; accessed 28-April-2019]},
    url = {https://cdn-images-1.medium.com/max/1200/1*iWQzxhVlvadk6VAJjsgXgg.png},
    howpublished = {Medium}
}
